<record><leader>00000cas a2200000 a 4500</leader><controlfield tag="001">42458034</controlfield><controlfield tag="008">990929d192u1952cauwr ne      0    0eng c</controlfield><datafield ind1=" " ind2=" " tag="010"><subfield code="a">sn 99060807 </subfield></datafield><datafield ind1=" " ind2=" " tag="040"><subfield code="a">CNK</subfield><subfield code="b">eng</subfield><subfield code="c">CNK</subfield><subfield code="d">OCLCQ</subfield><subfield code="d">OCLCF</subfield><subfield code="d">OCLCO</subfield></datafield><datafield ind1=" " ind2=" " tag="042"><subfield code="a">pcc</subfield></datafield><datafield ind1=" " ind2=" " tag="043"><subfield code="a">n-us-ca</subfield></datafield><datafield ind1="0" ind2=" " tag="130"><subfield code="a">Beverly Hills citizen (Beverly Hills, Calif. : 1926)</subfield></datafield><datafield ind1="1" ind2="4" tag="245"><subfield code="a">The Beverly Hills citizen.</subfield></datafield><datafield ind1=" " ind2=" " tag="260"><subfield code="a">Beverly Hills, Calif. :</subfield><subfield code="b">George R. Barker</subfield></datafield><datafield ind1=" " ind2=" " tag="300"><subfield code="a">v.</subfield></datafield><datafield ind1=" " ind2=" " tag="310"><subfield code="a">Weekly,</subfield><subfield code="b">Mar. 18, 1949-May 9, 1952</subfield></datafield><datafield ind1=" " ind2=" " tag="321"><subfield code="a">Weekly,</subfield><subfield code="b">&lt;May 6, 1926&gt;-Nov. 1, 1948</subfield></datafield><datafield ind1=" " ind2=" " tag="321"><subfield code="a">Semiweekly,</subfield><subfield code="b">Nov. 5, 1948-Mar. 10, 1949</subfield></datafield><datafield ind1="0" ind2=" " tag="362"><subfield code="a">-v. 30, no. 2 (May 9, 1952).</subfield></datafield><datafield ind1=" " ind2=" " tag="500"><subfield code="a">"Official paper of Beverly Hills."</subfield></datafield><datafield ind1=" " ind2=" " tag="588"><subfield code="a">Description based on: Vol. 4, no. 1 (May 6, 1926).</subfield></datafield><datafield ind1=" " ind2="0" tag="651"><subfield code="a">Beverly Hills (Calif.)</subfield><subfield code="v">Newspapers.</subfield></datafield><datafield ind1=" " ind2="7" tag="655"><subfield code="a">Newspapers.</subfield><subfield code="2">fast</subfield><subfield code="0">(OCoLC)fst01423814</subfield></datafield><datafield ind1=" " ind2="7" tag="651"><subfield code="a">California</subfield><subfield code="z">Beverly Hills.</subfield><subfield code="2">fast</subfield><subfield code="0">(OCoLC)fst01208392</subfield></datafield><datafield ind1=" " ind2=" " tag="752"><subfield code="a">United States</subfield><subfield code="b">California</subfield><subfield code="c">Los Angeles</subfield><subfield code="d">Beverly Hills.</subfield></datafield><datafield ind1="0" ind2=" " tag="775"><subfield code="t">Beverly Hills bulletin (Beverly Hills, Calif.)</subfield><subfield code="w">(DLC)sn 97060333</subfield></datafield><datafield ind1="0" ind2="0" tag="785"><subfield code="t">Citizen (Beverly Hills, Calif.)</subfield><subfield code="w">(DLC)sn 99060808</subfield></datafield></record>